[gd_scene load_steps=10 format=3 uid="uid://bftlfyk0gm6ha"]

[ext_resource type="Script" path="res://src/mob.gd" id="1_6pruv"]
[ext_resource type="Texture2D" uid="uid://bxxbkc8uajmxr" path="res://art/enemyFlyingAlt_1.png" id="1_cu2qn"]
[ext_resource type="Texture2D" uid="uid://c878iahh5hd6w" path="res://art/enemyFlyingAlt_2.png" id="2_r2f7b"]
[ext_resource type="Texture2D" uid="uid://bcd1c0eelxssr" path="res://art/enemySwimming_1.png" id="3_c01sc"]
[ext_resource type="Texture2D" uid="uid://xwv4smlmcnx5" path="res://art/enemySwimming_2.png" id="4_hkyqa"]
[ext_resource type="Texture2D" uid="uid://iqlbye1whcsc" path="res://art/enemyWalking_1.png" id="5_5nnmt"]
[ext_resource type="Texture2D" uid="uid://doy6mp4oc8uvw" path="res://art/enemyWalking_2.png" id="6_llcxj"]

[sub_resource type="SpriteFrames" id="SpriteFrames_cxls0"]
animations = [{
"frames": [{
"duration": 1.0,
"texture": ExtResource("1_cu2qn")
}, {
"duration": 1.0,
"texture": ExtResource("2_r2f7b")
}],
"loop": true,
"name": &"fly",
"speed": 5.0
}, {
"frames": [{
"duration": 1.0,
"texture": ExtResource("3_c01sc")
}, {
"duration": 1.0,
"texture": ExtResource("4_hkyqa")
}],
"loop": true,
"name": &"swim",
"speed": 5.0
}, {
"frames": [{
"duration": 1.0,
"texture": ExtResource("5_5nnmt")
}, {
"duration": 1.0,
"texture": ExtResource("6_llcxj")
}],
"loop": true,
"name": &"walk",
"speed": 5.0
}]

[sub_resource type="CapsuleShape2D" id="CapsuleShape2D_rgltl"]
radius = 38.0
height = 100.0

[node name="Mob" type="RigidBody2D" groups=["mobs"]]
collision_mask = 0
gravity_scale = 0.0
script = ExtResource("1_6pruv")
metadata/_edit_group_ = true

[node name="AnimatedSprite2D" type="AnimatedSprite2D" parent="."]
scale = Vector2(0.75, 0.75)
sprite_frames = SubResource("SpriteFrames_cxls0")
animation = &"swim"
frame = 1
frame_progress = 0.998951

[node name="CollisionShape2D" type="CollisionShape2D" parent="."]
rotation = 1.5708
shape = SubResource("CapsuleShape2D_rgltl")

[node name="VisibleOnScreenNotifier2D" type="VisibleOnScreenNotifier2D" parent="."]

[connection signal="screen_exited" from="VisibleOnScreenNotifier2D" to="." method="_on_visible_on_screen_notifier_2d_screen_exited"]
